<record><leader>00000cas a2200000 a 4500</leader><controlfield tag="001">137284990</controlfield><controlfield tag="008">070531c20069999njuwr ne      0    0eng c</controlfield><datafield ind1=" " ind2=" " tag="010"><subfield code="a">  2007222533</subfield></datafield><datafield ind1=" " ind2=" " tag="040"><subfield code="a">CLU</subfield><subfield code="b">eng</subfield><subfield code="c">CLU</subfield><subfield code="d">CLU</subfield><subfield code="d">OCLCQ</subfield><subfield code="d">OCLCF</subfield><subfield code="d">OCLCO</subfield><subfield code="d">DLC</subfield></datafield><datafield ind1=" " ind2=" " tag="042"><subfield code="a">pcc</subfield></datafield><datafield ind1=" " ind2=" " tag="043"><subfield code="a">n-us---</subfield></datafield><datafield ind1="0" ind2="0" tag="050"><subfield code="a">Newspaper</subfield></datafield><datafield ind1="1" ind2="4" tag="050"><subfield code="a">AN</subfield></datafield><datafield ind1="0" ind2=" " tag="130"><subfield code="a">Armenian reporter (2006)</subfield></datafield><datafield ind1="1" ind2="4" tag="245"><subfield code="a">The Armenian reporter.</subfield></datafield><datafield ind1=" " ind2=" " tag="260"><subfield code="a">Paramus, NJ :</subfield><subfield code="b">Armenian Reporter,</subfield><subfield code="c">[2006]-</subfield></datafield><datafield ind1=" " ind2=" " tag="300"><subfield code="a">v. :</subfield><subfield code="b">ill. ;</subfield><subfield code="c">43 cm.</subfield></datafield><datafield ind1=" " ind2=" " tag="310"><subfield code="a">Weekly</subfield></datafield><datafield ind1="0" ind2=" " tag="362"><subfield code="a">Vol. 38, no. 35 (May 27, 2006)-</subfield></datafield><datafield ind1=" " ind2=" " tag="500"><subfield code="a">Issues for &lt;Apr. 5, 2008-&gt; have: Western U.S. Edition.</subfield></datafield><datafield ind1=" " ind2=" " tag="530"><subfield code="a">Also issued online.</subfield></datafield><datafield ind1=" " ind2=" " tag="588"><subfield code="a">Latest issue consulted: Apr. 5, 2008.</subfield></datafield><datafield ind1=" " ind2="0" tag="650"><subfield code="a">Armenian Americans</subfield><subfield code="v">Newspapers.</subfield></datafield><datafield ind1=" " ind2="0" tag="650"><subfield code="a">Armenians</subfield><subfield code="z">New York (State)</subfield><subfield code="v">Newspapers.</subfield></datafield><datafield ind1=" " ind2="0" tag="651"><subfield code="a">Paramus (N.J.)</subfield><subfield code="v">Newspapers.</subfield></datafield><datafield ind1=" " ind2="7" tag="650"><subfield code="a">Armenian Americans.</subfield><subfield code="2">fast</subfield><subfield code="0">(OCoLC)fst00814656</subfield></datafield><datafield ind1=" " ind2="7" tag="650"><subfield code="a">Armenians.</subfield><subfield code="2">fast</subfield><subfield code="0">(OCoLC)fst00814767</subfield></datafield><datafield ind1=" " ind2="7" tag="651"><subfield code="a">New Jersey</subfield><subfield code="z">Paramus.</subfield><subfield code="2">fast</subfield><subfield code="0">(OCoLC)fst01220991</subfield></datafield><datafield ind1=" " ind2="7" tag="651"><subfield code="a">New York (State)</subfield><subfield code="2">fast</subfield><subfield code="0">(OCoLC)fst01210280</subfield></datafield><datafield ind1=" " ind2="7" tag="655"><subfield code="a">Newspapers.</subfield><subfield code="2">fast</subfield><subfield code="0">(OCoLC)fst01423814</subfield></datafield><datafield ind1=" " ind2=" " tag="752"><subfield code="a">United States</subfield><subfield code="b">New York</subfield><subfield code="c">Queens</subfield><subfield code="d">Fresh Meadows.</subfield></datafield><datafield ind1=" " ind2=" " tag="752"><subfield code="a">United States</subfield><subfield code="b">New York</subfield><subfield code="d">New York.</subfield></datafield><datafield ind1=" " ind2=" " tag="752"><subfield code="a">United States</subfield><subfield code="b">New Jersey</subfield><subfield code="c">Bergen</subfield><subfield code="d">Paramus.</subfield></datafield><datafield ind1="0" ind2="0" tag="780"><subfield code="t">Armenian reporter international</subfield><subfield code="x">1074-1453</subfield><subfield code="w">(DLC)sn 94004677</subfield><subfield code="w">(OCoLC)29605468</subfield></datafield><datafield ind1="4" ind2="1" tag="856"><subfield code="u">http://bibpurl.oclc.org/web/18255</subfield><subfield code="u">http://www.armenianreporteronline.com/</subfield></datafield><datafield ind1="1" ind2=" " tag="029"><subfield code="a">AU@</subfield><subfield code="b">000041709264</subfield></datafield></record>